@article{lucy1977sph,
  title={A numerical approach to the testing of the fission hypothesis},
  author={Lucy, Leon B},
  journal={Astronomical Journal, vol. 82},
  year={1977}
}

@article{gingold1977smph,
  title={Smoothed particle hydrodynamics: theory and application to non-spherical stars},
  author={Gingold, Robert A and Monaghan, Joseph J},
  journal={Monthly notices of the royal astronomical society},
  year={1977},
}

@article{green2010particle,
  title={Particle simulation using cuda},
  author={Green, Simon},
  journal={NVIDIA whitepaper},
  year={2010}
}

@misc{hendra2015kernels,
  title={Accelerating Fluids Simulation Using SPH and Implementation on GPU},
  author={Hendra, Aditya},
  year={2015}
}

