@incollection{marchingCubes1988,
  title={Marching cubes: A high resolution 3D surface construction algorithm},
  author={Lorensen, William E and Cline, Harvey E},
  booktitle={Seminal graphics: pioneering efforts that shaped the field},
  publisher={ACM},
  year={1998}
}

@inproceedings{green2009screen,
  title={Screen space fluid rendering with curvature flow},
  author={van der Laan, Wladimir J and Green, Simon and Sainz, Miguel},
  booktitle={Proc. I3D},
  year={2009}
}

@inproceedings{schlick1994inexpensive,
  title={An inexpensive BRDF model for physically-based rendering},
  author={Schlick, Christophe},
  booktitle={Computer graphics forum},
  year={1994},
  organization={Wiley Online Library}
}

@conference{green2010GDC,
	title = {Screen Space Fluid Rendering for Games},
	author = {Simon Green},
	year = {2010},
	booktitle = {GDC}
}